2042 2570
825 154 1222 195 *mla-1⁴0«

228 271 345 300 statum
385 267 539 309 Daphnidi
559 268 655 307 nupta
672 267 743 297 erat
762 264 813 297 vel
832 267 948 305 amica,
978 275 1057 307 quse
1076 264 1172 296 semel
1197 274 1256 295 non
1278 264 1399 306 quidem
1419 265 1606 301 nominatur,
1633 263 1689 295 sed
1709 264 1826 304 siguifi-

184 333 186 344 ³
230 336 335 373 catur,
359 334 438 364 maz
458 329 479 362 ἁ
501 330 596 370 κώρα.
616 316 619 319 ’
636 332 744 362 ruerit
762 330 819 361 ma
836 331 928 369 Nais,
953 331 992 361 de
1012 340 1073 371 qua
1092 330 1133 360 id.
1152 330 1238 368 vm,
1257 333 1312 360 90:

429 393 485 435 κῆκ
505 394 605 426 τούτω
625 394 754 436 Δάφνις
775 394 864 434 παρὰ
886 396 1015 434 ποιμέσι
1037 395 1157 434 πρᾶτος
1178 392 1300 433 ἔγεντο,

430 462 484 491 καὶ
505 459 638 500 νύμφαν
657 457 792 499 ἄκρηβος
811 456 874 490 ἐών
894 457 941 489 ἔτι
964 458 1095 489 Ναΐδα
1116 459 1225 496 γᾶμεν.

233 525 282 556 vel
303 521 443 563 Ἐχεναΐς
469 524 520 554 vel
548 525 656 562 Νομία
682 524 713 553 in
739 522 869 563 reliquis
894 522 1008 553 sabulis
1036 524 1199 552 nominata.
1238 522 1312 552 Nam
1334 520 1439 561 κόρα,
1467 521 1559 561 κούρη
1588 531 1647 552 non
1677 523 1826 563 virginem

231 589 347 626 solam,
376 588 433 618 sed
459 589 555 618 etiam
570 586 740 627 juvenilem
768 588 909 616 maritam
935 586 1109 627 significat,
1137 590 1171 616 ut
1191 587 1278 616 nom.
1298 586 1399 625 ll.Vl,
1420 589 1477 616 247
1507 595 1562 625 per
1582 585 1725 624 κουράων
1745 581 1826 617 tiliae

231 653 342 683 Priami
364 653 558 682 matrimonio
576 650 702 691 junctae
722 650 948 691 intelliguntur,
968 649 1124 688 κουρίδιαι
1145 646 1275 688 ἄλοχοι,
1294 653 1329 680 ut
1346 650 1540 690 Proserpina,
1559 653 1594 680 ut
1613 651 1730 689 pariter
1740 648 1827 681 Octa-

231 718 282 746 via
300 717 434 745 Neronis
454 714 568 753 conjux
586 714 693 752 maella
713 714 826 743 dicitur
845 714 917 743 Tac.
938 714 1144 750 Ann.xw‚64
1165 714 1235 743 coll.
1256 716 1339 743 c.30.
1361 714 1409 743 llli
1423 723 1458 743 se
1480 716 1530 743 uni
1551 716 1580 743 in
1601 723 1718 744 omnem
1732 716 1826 743 vitam

230 779 409 818 dediderat,
432 777 636 818 jurejurando
656 778 808 808 amatorio
829 777 997 807 obstrictus
1017 776 1131 807 nullius
1150 786 1185 807 se
1211 779 1283 816 post
1302 776 1385 807 illam
1405 786 1509 808 amore
1529 780 1651 817 captum
1672 779 1720 808 iri.
1760 778 1826 807 Nou

231 847 360 875 coactus
381 853 401 873 a
419 844 540 883 virgine
566 842 598 872 id
615 826 815 882 promiserat,
837 843 963 881 opinor,
986 844 1021 871 ut
1039 844 1089 872 est
1108 842 1137 871 in
1158 841 1280 882 vulgari
1307 842 1426 879 sabula,
1452 841 1509 872 sed
1528 845 1639 881 suapte
1664 845 1775 881 sponte
1794 845 1827 872 et

230 911 348 949 impetu
368 908 460 938 animi
486 909 519 937 et
538 910 685 946 tanquam
708 908 828 943 certus,
854 915 912 936 nec
938 907 1145 937 venustiorem
1172 905 1226 936 illa
1252 906 1379 936 inveniri
1400 915 1529 947 usquam
1554 915 1649 946 posse
1673 909 1706 938 et
1725 907 1826 946 ipsum

230 982 328 1013 puros
348 981 367 1002 a
387 973 532 1002 contactu
553 970 683 1001 aliarum
710 970 819 1000 oculos
846 969 1020 1000 habiturum
1040 979 1120 1000 esse.
1161 969 1195 1000 Id
1213 972 1276 1000 tam
1296 969 1484 1001 confidenter
1503 971 1704 1011 promiserat,
1732 974 1768 1001 ut
1787 980 1826 1002 ea

230 1039 300 1077 ipsa
327 1036 513 1066 confidentia
540 1044 648 1065 numen
669 1035 799 1065 Veneris
827 1034 960 1064 laesisse
985 1034 1152 1064 videretur.
1190 1034 1266 1063 Nam
1292 1035 1358 1064 sive
1377 1034 1481 1065 Venus
1505 1036 1571 1065 sive
1583 1032 1678 1074 Ἔρως
1704 1044 1827 1066 amores

230 1109 431 1141 quoscunque
458 1098 567 1128 volunt
602 1098 793 1137 quibuslibet
821 1107 899 1138 erga
926 1098 1080 1137 quoslibet
1107 1106 1298 1127 commovere
1321 1079 1432 1128 solent]
1474 1098 1514 1128 Et
1540 1098 1699 1129 ulciscitur
1723 1100 1827 1130 Venus

227 1165 312 1195 illam
333 1165 493 1204 potentiae
514 1172 590 1193 suae
611 1162 882 1200 detrectationem,
911 1165 1056 1201 tanquam
1075 1172 1134 1191 non
1156 1162 1318 1192 obnoxium
1338 1171 1373 1192 se
1394 1163 1520 1193 Veneris
1540 1163 1669 1193 arbitrio
1688 1164 1826 1203 Daphnis

223 1228 402 1268 jactaverit.
443 1227 608 1256 Sauciatur
628 1226 757 1256 Veneris
776 1226 922 1265 sagittis,
943 1227 977 1255 ut
997 1234 1076 1255 novo
1097 1234 1167 1255 mox
1188 1225 1267 1255 alius
1287 1227 1417 1266 virginis
1438 1235 1541 1257 amore
1561 1226 1689 1258 laboret.
1731 1228 1826 1264 Quae-

227 1302 298 1325 nam
318 1300 357 1322 ea
377 1292 467 1331 virgo
488 1291 598 1328 fuerit,
619 1299 676 1320 nee
695 1290 907 1329 significatur,
928 1298 983 1319 nec
1004 1290 1042 1319 ad
1062 1298 1126 1319 rem
1146 1290 1230 1319 facit.
1270 1291 1375 1320 Fuerit
1395 1290 1448 1320 illa
1468 1291 1581 1327 Ξενέα,
1602 1291 1691 1331 cujus
1712 1294 1824 1323 mentio

227 1357 268 1388 id.
289 1356 360 1395 VII,
381 1358 429 1387 73.

654 1414 672 1449 ὖ
694 1417 729 1449 δὲ
754 1419 784 1448 Τ
783 1419 886 1457 ίτυρος
905 1414 1039 1456 ἐγγύθεν
1060 1414 1154 1460 ᾄσεῒ,

428 1480 470 1518 ὥς
492 1492 576 1512 ποκα
597 1482 654 1517 τᾶς
674 1482 824 1518 Ξενέας
845 1478 1009 1522 ἠράσσατο
1030 1481 1156 1522 Δάφνις
1179 1478 1196 1512 ὃ
1216 1482 1339 1521 βώτας,

426 1543 490 1586 χῶς
511 1544 583 1586 ὄρος
603 1543 826 1586 ἆμφεπολεῒτο
846 1548 900 1576 καὶ
920 1542 962 1581 ὥς
982 1545 1071 1586 δρύες
1091 1543 1189 1577 αὕτὸν
1209 1544 1376 1587 ἕθρήνευν,

365 1611 369 1614 ”
422 1607 527 1650 Ἱμέρα
548 1610 620 1640 αἵτε
641 1608 757 1650 φίοντι
777 1606 852 1650 παρ’
874 1606 1030 1648 ὄχθαισιν
1049 1613 1216 1649 ποταμοῖο.

225 1677 341 1707 Nomen
362 1677 521 1715 proprium
543 1675 673 1715 agnovit
692 1673 883 1713 Meinekius,
913 1676 972 1705 uisi
993 1674 1074 1715 quod
1093 1675 1208 1711 Ξενίας
1235 1677 1328 1707 scribi
1348 1677 1464 1708 mavult
1483 1687 1521 1709 ex
1541 1679 1644 1710 Schol.
1664 1680 1704 1711 ad
1723 1681 1754 1720 1,
1774 1684 1823 1712 ⁶5.

226 1739 351 1779 Δάφνις
372 1738 413 1778 μὴ
429 1738 605 1777 δυνάμενος
627 1738 738 1778 φέρειν
756 1736 814 1767 τὸν
834 1738 887 1777 τῆς
908 1738 1026 1773 Ξενέας
1046 1736 1184 1777 τοῦνομα
1207 1739 1329 1781 νύμφης
1350 1739 1451 1781 ἔρωτα
1472 1738 1614 1773 ἆπέλιπε
1633 1742 1669 1774 τὸ
1683 1744 1749 1783 ζῆν,
1771 1746 1823 1775 ubi

227 1804 312 1834 codd.
340 1804 466 1838 Ξενίας.
513 1804 551 1832 At
578 1803 709 1832 sormam
739 1802 854 1837 ξενεοί·
882 1802 1071 1841 στρατιῶται
1098 1803 1191 1833 habet
1218 1804 1405 1844 Hesychius,
1435 1809 1470 1836 ut
1495 1802 1665 1848 ἀδελφεοί,
1693 1809 1823 1847 similes,

226 1876 304 1907 quae
324 1867 505 1907 appellativi
528 1867 629 1896 forma
655 1865 729 1896 dum
749 1867 779 1895 in
801 1875 910 1897 nomen
931 1868 1086 1906 proprium
1105 1869 1253 1907 vertitur,
1278 1870 1337 1900 rite
1358 1873 1517 1901 accentum
1536 1875 1714 1903 commutat.
1752 1872 1824 1903 Plu-

223 1934 293 1962 rimi
319 1933 356 1962 de
375 1934 522 1962 universa
546 1931 654 1961 fabula
678 1940 804 1961 errores
834 1931 906 1961 inde
929 1932 1099 1970 fluxerunt,
1129 1933 1211 1972 quod
1230 1933 1327 1964 Naida
1355 1937 1388 1965 et
1414 1936 1549 1966 Xeneam
1576 1946 1637 1967 non
1660 1940 1696 1967 ut
1722 1937 1822 1968 diver-

222 2006 277 2027 sas
304 1997 423 2035 puellas
448 1986 674 2034 distinxerant,
705 1997 848 2035 exemplo
875 1996 978 2026 Schol.
1005 1997 1045 2027 ad
1071 1997 1111 2026 id.
1130 1997 1215 2035 vm,
1236 2001 1283 2028 93.
1320 1999 1447 2029 Ναΐδα·
1475 2001 1603 2042 νύμφην
1630 2001 1687 2042 τὴν
1711 2003 1820 2038 ξενίαν

222 2061 313 2099 λέγει.

320 2124 379 2155 llla
399 2125 467 2164 ipsa
486 2123 659 2165 Daphnidis
677 2123 717 2155 de
731 2125 837 2156 Xenea
856 2125 1051 2156 taciturnitas
1071 2125 1163 2157 habet
1183 2127 1300 2167 aliquid
1319 2137 1358 2159 ex
1374 2137 1485 2160 arcano
1501 2133 1672 2172 sanctoque
1685 2129 1819 2162 silentio.

219 2192 316 2220 Nemo
337 2191 463 2229 praeter
483 2190 582 2228 ipsum
603 2190 657 2229 qui
676 2188 800 2219 laborat
819 2192 851 2220 et
871 2190 1033 2228 Venerem,
1054 2200 1133 2231 quae
1153 2191 1269 2222 laboris
1290 2201 1386 2223 causa
1405 2194 1479 2233 suit,
1500 2196 1643 2225 conscius
1662 2198 1727 2235 est3
1757 2196 1820 2226 for-

218 2259 304 2285 tasse
317 2263 356 2285 ne
369 2255 440 2293 ipsa
455 2253 576 2292 quidem
586 2255 701 2286 Xenea.
731 2254 781 2285 Dii
799 2254 1000 2294 hominesque
1011 2258 1211 2295 augurantur,
1233 2265 1337 2288 amore
1357 2266 1427 2289 eum
1447 2259 1579 2290 cruciari
1599 2259 1721 2300 aliqu03
1741 2260 1817 2291 nihil
