2042 2570
823 158 1226 199 ’‘mam’‘

226 270 257 298 in
285 268 426 304 ζατεῧσα
452 270 643 310 (quanquam
669 270 763 299 etiam
788 267 962 299 Eeinekius
981 268 1189 298 Slothouweri
1217 266 1423 307 conjecturam
1449 267 1556 304 ζαλοῒς
1582 268 1821 306 commendavit)

226 333 304 363 nihil
324 333 517 365 difficultatis
536 333 737 373 relinquitur3
759 332 831 364 dum
852 342 891 364 ne
910 334 1073 373 sequentia

653 394 674 427 ἆ
697 396 831 437 δι’νςερώς
850 408 898 432 τις
917 394 1002 434 ἄγαν
1020 398 1074 426 καὶ
1095 393 1260 434 ἇμάχανος
1279 393 1363 427 ἔσο-ι’,

227 463 258 491 iu
280 463 464 491 contrariam
484 463 669 491 sententiam
691 462 947 502 detorqueantur,
968 464 1003 490 ut
1022 469 1041 490 a
1061 462 1297 491 Wuestemanno
1318 461 1433 491 sactum
1454 465 1523 491 est:
1554 460 1711 500 ,,δι”ςερως
1731 472 1822 503 quem

227 526 400 563 „infelicem
421 526 523 556 reddit
543 535 647 563 amon-3
668 522 834 563 ἆμάχανος
855 528 1007 566 qnatenus
1027 526 1165 564 Daphnis
1186 508 1306 554 co⁸nsilii
1328 526 1417 565 inops
1438 527 1551 563 nescit,
1580 526 1652 565 quid
1673 530 1765 566 agat,
1791 531 1824 558 et

226 590 418 627 „rationibus
438 591 506 620 suis
526 599 635 629 parum
657 589 838 629 prospicit“.
878 589 943 618 Imo
963 592 997 618 tn
1017 591 1120 618 verte:
1146 587 1237 618 Proh
1255 588 1400 626 torpidus
1426 588 1468 619 ad
1488 598 1624 619 amorem
1650 593 1680 619 et
1697 588 1825 629 ferreus

226 654 328 684 animo
347 662 396 692 es,
417 655 470 694 qui
492 657 606 693 nuptae
626 654 856 684 amantissimae
877 653 997 683 obviam
1018 662 1077 686 non
1097 661 1163 683 eas.
1202 652 1334 682 Prorsus
1354 653 1461 683 eodem
1481 663 1575 684 sensu
1597 654 1636 683 id.
1657 655 1711 692 vl,
1730 658 1759 685 7.

652 716 853 756 δυςέρωτα
874 715 931 747 τὸν
951 714 1091 747 αἰπόλον
1111 713 1214 754 ἄνδρα
1235 716 1376 747 καλεῦσα

227 784 258 811 et
278 783 309 810 in
330 783 531 821 inscriptione
552 782 649 821 idyllii
669 781 777 811 xxm.
811 777 960 820 Ἔραστὴς
988 777 1006 819 ἢ
1033 779 1181 820 δύςερως,
1214 790 1342 821 quorum
1369 783 1522 811 nominum
1547 784 1633 821 prius
1661 783 1699 812 ad
1721 781 1823 821 ἄνδρα

228 844 462 885 πολύφιλτρον,
490 846 648 885 posterius
669 845 708 875 ad
729 843 855 885 ἔᾳαβον
873 846 1017 884 pertinet.
1057 844 1205 883 Proprius
1226 846 1275 874 hic
1295 855 1371 875 usus
1391 849 1440 875 est
1461 846 1632 882 Theocriti3
1654 856 1721 876 nam
1742 850 1823 886 apud

226 909 367 949 reliquos
394 910 564 949 scriptores
594 907 727 947 δύςερως
755 909 942 938 contrarium
971 907 1142 948 significat,
1171 895 1295 946 perdite
1321 909 1369 939 vel
1396 907 1565 946 infeliciter
1592 914 1760 949 amantem,
1791 916 1824 941 ut

228 973 310 1012 apud
329 973 520 1013 Meleagrum
540 973 571 1002 iu
592 972 713 1002 Anthol.
733 971 798 1001 Pal.
817 971 887 1010 ΧΠ,
910 973 975 1002 197.

653 1032 833 1076 ὄρθροβόας
854 1034 898 1064 δν
907 1046 921 1070 ς
930 1034 969 1073 ἐρ
977 1045 1001 1064 ω
1009 1045 1027 1064 τ
1034 1045 1047 1063 ι
1072 1034 1245 1073 κακάγγελε
1255 1036 1268 1064 !

228 1100 362 1139 Thucyd.
376 1101 432 1139 VI,
455 1103 501 1131 13.
528 1096 600 1139 μηδ’
622 1097 700 1139 ὅπερ
722 1096 764 1130 ἂν
784 1095 876 1129 αὐτοὶ
897 1097 1041 1129 πάθοιεν
1067 1098 1241 1138 δυςέρωτας
1267 1098 1352 1129 εἶναι
1373 1100 1437 1130 τῶν
1465 1097 1632 1141 ἀπόντων,
1662 1104 1731 1134 coll.
1752 1106 1823 1136 Eur.

227 1166 316 1203 Hipp.
334 1168 399 1195 194.
421 1165 560 1202 Xenoph.
582 1164 650 1193 Oec.
669 1166 719 1200 12,
743 1166 787 1193 13.
815 1163 938 1192 Lucian.
958 1163 1034 1192 Tim.
1049 1165 1097 1193 26.
1117 1163 1197 1193 Plut.
1218 1164 1326 1194 Pericl.
1342 1167 1389 1194 20.
1411 1165 1519 1195 Achill.
1541 1166 1607 1196 Tat.
1628 1168 1662 1204 V,
1685 1172 1710 1198 l.
1739 1169 1823 1199 Utra-

226 1237 285 1266 que
305 1230 354 1258 vis
374 1230 488 1257 rationi
509 1230 630 1257 minime
651 1229 821 1266 repugnat;
842 1236 909 1256 nam
931 1229 963 1256 et
983 1228 1033 1266 qui
1055 1235 1185 1266 parum
1206 1231 1239 1257 et
1259 1229 1310 1267 qui
1334 1229 1450 1258 nimis
1471 1234 1589 1267 amant,
1611 1233 1727 1269 pariter
1741 1234 1822 1263 male

224 1295 368 1321 amantes
392 1294 474 1321 sunt.
514 1292 613 1321 Etiam
641 1287 802 1329 ἀμήχανος
830 1299 885 1329 per
905 1299 940 1320 se
961 1290 1136 1330 ambiguum
1163 1294 1229 1329 est3
1256 1295 1348 1331 prout
1376 1294 1477 1322 activo
1504 1303 1597 1324 sensu
1625 1295 1745 1334 inopem
1772 1299 1820 1328 vel

224 1358 350 1394 passivo
371 1356 601 1386 intractabilem
621 1355 785 1395 significat.
826 1355 985 1384 Posterior
1005 1356 1052 1384 vis
1072 1355 1132 1384 huc
1153 1356 1241 1384 unice
1263 1355 1363 1393 cadit,
1384 1360 1418 1385 nt
1438 1357 1524 1386 llom.
1546 1358 1580 1387 ll.
1602 1359 1682 1398 XVI,
1704 1363 1750 1391 29.

647 1417 686 1449 σι)
707 1415 740 1447 δ’
761 1415 971 1457 ἀμήχανος
990 1416 1104 1454 ἔπλευ,
1120 1415 1287 1457 Ἀχιλλεῦ]

220 1484 260 1512 Et
281 1485 362 1521 patri
383 1483 505 1523 quidem
526 1483 575 1512 vel
596 1483 773 1521 pastoribus
793 1483 843 1511 vel
863 1483 975 1520 Priapo
996 1484 1070 1512 nihil
1092 1484 1268 1522 respondit,
1291 1494 1349 1512 non
1372 1486 1433 1522 ira,
1455 1495 1513 1515 non
1536 1490 1743 1526 contumacia,
1764 1491 1820 1520 sed

224 1547 340 1586 pudore
361 1556 399 1578 ac
418 1557 456 1579 ne
470 1550 642 1587 compotem
664 1555 835 1587 quenquam
857 1548 1028 1577 tristissimi
1048 1549 1162 1577 secreti
1183 1549 1232 1577 sui
1253 1549 1388 1586 faceret3
1409 1550 1506 1580 donec
1527 1553 1647 1581 accedit
1667 1563 1721 1591 ea,
1743 1564 1821 1594 quae

223 1610 292 1642 sola
312 1613 437 1643 conscia
457 1614 523 1651 est,
544 1611 664 1642 Venus:

420 1672 503 1716 ἧνθὲ
523 1685 557 1714 γε
576 1673 643 1714 μὰν
663 1671 759 1706 ἁδεῖα
782 1676 836 1705 καὶ
858 1671 879 1705 ἆ
901 1673 1041 1715 Κύπρις,
1069 1674 1241 1713 rel-domu,

420 1738 543 1779 λάθρια
563 1739 622 1777 μὲν
640 1738 814 1777 γελάοισα,
844 1737 945 1778 βαρὺν
965 1735 997 1769 δ’
1018 1735 1082 1769 dvo}
1105 1738 1213 1779 θυμὺν
1233 1739 1355 1780 ἔχοισα.

224 1804 262 1833 Et
275 1804 320 1834 illi
334 1804 467 1845 quidem,
488 1808 577 1844 pater
590 1807 621 1834 et
635 1804 776 1843 Priapus,
797 1807 995 1834 accesserant
1015 1806 1143 1843 moesti}
1164 1808 1251 1835 tanto
1268 1806 1381 1836 laetior
1395 1808 1498 1837 Venus
1519 1809 1640 1839 adstitit
1656 1815 1687 1840 et
1702 1813 1822 1851 ridensg

226 1878 396 1909 quanquam
415 1871 499 1899 intra
518 1870 650 1899 animum
677 1868 827 1898 duntaxat
852 1869 988 1906 ridebat,
1016 1869 1103 1899 vultu
1124 1879 1160 1899 ac
1181 1880 1323 1900 sermone
1344 1874 1420 1900 iram
1448 1882 1522 1911 prae
1542 1883 1578 1902 se
1599 1876 1727 1905 serebat.
1766 1879 1823 1907 Ex-

226 1931 336 1962 ultavit
345 1933 426 1972 apud
435 1943 486 1971 se,
508 1932 591 1972 quod
605 1933 793 1971 Daphnidem
814 1934 928 1963 victum
950 1933 1109 1971 credebat,
1130 1944 1187 1973 spe
1207 1936 1275 1964 sore
1297 1939 1330 1964 ut
1350 1938 1452 1974 ipsius
1473 1947 1561 1977 opem
1584 1939 1622 1968 ad
1642 1942 1823 1978 potiundum

224 2005 361 2026 amorem
387 2000 418 2027 et
444 1996 625 2036 explendam
654 1997 852 2036 cupiditatem
880 2000 912 2027 et
937 1998 1177 2035 recuperandam
1206 1999 1337 2028 salutem
1373 2001 1556 2039 implorare,
1590 2012 1680 2042 quam
1712 2007 1822 2041 misere

225 2061 354 2090 interire
380 2060 492 2091 mallet.
532 2061 598 2090 Iloc
619 2061 646 2089 si
672 2060 777 2099 fieret,
804 2061 895 2101 plane
922 2063 1058 2092 vicisset.
1098 2062 1160 2092 Sed
1186 2072 1277 2103 quam
1305 2066 1402 2094 veteri
1431 2065 1476 2095 illi
1505 2066 1636 2098 hominis
1666 2073 1822 2100 contuma-

224 2127 292 2156 ciae
312 2126 433 2155 veniam
454 2129 591 2164 paratam
612 2126 760 2162 habehat,
786 2135 854 2155 eam
875 2136 913 2156 nc
934 2126 1015 2156 ultro
1037 2126 1150 2156 offerre
1168 2128 1339 2167 videretur,
1363 2134 1533 2160 manentem
1556 2132 1630 2161 iram
1652 2134 1820 2165 simulavit.

223 2190 308 2230 Ergo
329 2198 399 2220 cum
419 2189 620 2220 Valckenario
641 2190 740 2220 facio:
770 2186 920 2228 ,,ἆνέχειν
939 2192 1095 2230 significat
1119 2192 1153 2221 in
1173 2192 1271 2222 altum
1289 2194 1439 2224 attollere
1466 2198 1498 2224 et
1523 2196 1638 2226 elatum
1662 2202 1823 2230 ostentare

227 2259 258 2285 et
285 2264 366 2293 prae
390 2263 426 2286 ee
450 2250 570 2292 ferre.“
608 2254 649 2286 Ut
676 2256 707 2285 in
733 2254 788 2285 illo
814 2255 902 2286 Rom.
926 2256 962 2286 ll.
982 2257 1080 2295 XXII,
1100 2259 1139 2287 80
1170 2256 1272 2295 μαζὸν
1299 2255 1425 2297 ἀνέσχε.
1465 2261 1641 2292 Assentitnr
1667 2265 1823 2295 Greverus
