2042 2570
800 120 1206 162 nonaum-e

372 217 376 220 '
396 230 470 265 mv
484 228 519 265 δ’
535 231 573 265 ra
589 230 650 273 μὲν
667 230 816 275 mium
831 228 943 271 pam,
964 229 1113 273 mam
1128 227 1159 262 0⁰
1179 228 1339 270 amam,

398 293 421 328 ἆ
442 296 479 329 δὲ
497 295 581 329 καλὰ
601 295 773 338 adoneae:
791 292 850 328 ἐπ’
872 292 1063 335 ἀρκεύθοιο-ι
1081 294 1245 336 κωμάσαι]
1264 308 1291 328 n.
1311 307 1339 328 v.
1359 296 1389 328 λ.

195 362 282 393 Eme
297 363 474 393 exsecratio
501 370 561 392 uon
580 360 750 402 Daphnidis
768 363 837 399 est,
862 359 920 391 sed
938 360 1116 400 Thyn-sidio,
1151 361 1204 402 qui
1230 369 1349 392 omnem
1375 369 1479 392 rerum
1505 363 1648 392 unt-nm
1678 360 1790 392 iuva-u

195 426 277 464 vult,
296 428 441 465 tanquam
457 429 531 466 post
551 425 719 465 Daphnidis
732 424 887 464 jacturam
908 425 1020 454 nemini
1040 424 1216 465 aequalium
1237 426 1301 454 vita
1320 425 1452 465 amplius
1472 426 1515 455 sit
1535 424 1656 463 vitalis,
1684 426 1722 455 ut
1738 427 1791 456 ent

197 498 265 518 mos
284 491 422 528 graviter
441 489 611 530 lugentium
639 498 676 519 ac
695 498 793 529 paene
812 489 1051 527 desperantium.
1089 489 1167 518 Hinc
1185 490 1387 529 consequitur
1405 488 1541 534 θνήσκει
1567 497 1595 518 v.
1612 489 1667 519 1³5
1692 496 1790 534 sequ

196 553 379 592 perfecto
406 552 519 583 dictum
546 561 633 591 esse,
659 555 695 583 ut
713 554 744 582 in
764 553 859 592 Soph.
879 551 952 583 ssed.
972 552 1007 582 Τ.
1025 553 1091 583 118.
1117 551 1297 592 θνήσκουσι
1323 552 1382 591 γὰρ
1403 552 1487 591 πλὴν
1507 551 1553 589 εἷς
1570 563 1634 589 τις,
1662 555 1698 583 et
1716 554 1789 592 ipse

196 616 283 646 Bion.
303 616 344 647 id.
360 616 389 655 1,
407 618 446 649 58
478 615 647 655 θνάσκεις,
676 612 700 647 ὦ
721 614 916 656 vulnothus,-
943 618 978 647 ut
998 618 1118 647 taoeam
1142 616 1180 647 de
1207 617 1361 656 participii
1392 616 1545 656 θνήσκων
1566 626 1624 648 usu
1643 618 1787 658 frequen-

196 680 328 710 tissimo.
353 693 355 695 ·

294 743 418 774 Accedit
439 754 497 774 non
518 745 679 775 mediocris
699 745 771 775 huic
791 745 925 784 opinioni
947 744 1168 774 commendatio
1189 755 1227 775 ex
1247 755 1295 783 eo,
1318 746 1399 785 quod
1419 747 1463 774 ita
1484 746 1532 774 his
1548 746 1689 776 versibus
1702 746 1785 777 ordi-

198 809 279 837 natis
299 810 384 837 totus
404 809 563 847 Thyrsidis
584 813 708 846 cantus,
736 811 818 839 sicut
837 808 994 838 exordium
1013 807 1157 847 lyricum,
1185 811 1229 839 ita
1249 810 1375 848 lyricum
1397 810 1491 838 habet
1510 811 1636 840 exitum.
1663 810 1785 840 Rursus

196 874 231 901 ut
258 872 352 912 vulgo
377 872 508 913 legitur,
540 875 571 903 in
597 875 803 904 narrationem
828 873 1025 911 terminatur,
1054 881 1152 913 neque
1178 875 1326 903 concinno
1355 875 1498 913 carminis
1524 874 1583 905 fine
1610 876 1643 905 et
1674 883 1785 916 prope-

196 935 316 966 modum
331 934 448 975 jejuno.

768 1091 831 1132 Ad
859 1089 1042 1133 Theocr.
1070 1092 1122 1131 id.
1151 1091 1214 1131 lv.

291 1191 479 1230 Scripseram
500 1190 572 1220 olim
598 1199 635 1220 ac
655 1198 751 1229 nuper
769 1192 880 1231 repetii
906 1191 1192 1221 commentationem
1221 1189 1259 1220 (le
1290 1190 1388 1229 idyllii'
1415 1192 1517 1231 quarti
1546 1198 1672 1221 summa.
1712 1189 1781 1220 vid.

194 1254 299 1286 Reden
319 1255 380 1285 und
400 1255 543 1285 Anssatze
562 1264 592 1295 p.
606 1257 674 1285 35⁰.
711 1254 748 1285 Ei
768 1255 918 1295 quaedam
937 1256 997 1286 hoc
1015 1255 1085 1285 loco
1106 1254 1225 1285 addam.

292 1319 522 1356 nemausum,
548 1321 710 1359 postquam
730 1321 932 1351 mdis—39
950 1320 1080 1358 rectius,
1107 1328 1197 1359 qnam
1218 1322 1288 1349 ante
1307 1319 1422 1350 sactum
1442 1322 1530 1358 erat,
1550 1322 1584 1350 et
1602 1319 1730 1350 distinxi
1748 1320 1782 1349 et

195 1386 342 1425 exposui,
370 1393 429 1414 non
449 1392 579 1422 corpore
599 1384 714 1413 obiisse
733 1382 964 1423 Amaryllidem,
991 1383 1049 1413 sed
1068 1384 1168 1413 animo
1195 1387 1227 1413 et
1248 1392 1352 1412 amore
1371 1384 1532 1413 refrixisse
1551 1391 1630 1424 erga
1648 1384 1782 1413 Battum.

196 1449 232 1480 Id
250 1450 279 1479 si
298 1457 402 1479 verum
428 1450 493 1486 est,
523 1445 767 1486 aequiparandae
787 1449 859 1477 sunt
886 1445 978 1487 hujus
1001 1446 1099 1487 idyllii
1129 1456 1296 1487 personae,
1324 1449 1353 1476 in
1374 1450 1520 1488 quantum
1549 1450 1695 1487 pastores
1713 1455 1782 1477 cum

195 1515 323 1543 heroum
343 1513 476 1553 ingeniis
496 1514 626 1550 possunt
645 1512 833 1550 comparari,
862 1511 926 1541 illis
951 1512 1003 1552 qui
1023 1512 1054 1541 in
1075 1511 1266 1541 nobilissima
1286 1511 1409 1541 Goethii
1437 1512 1536 1542 nostri
1554 1510 1720 1552 tragoedia
1738 1510 1783 1541 iu-

195 1578 356 1608 ducuntur.
396 1575 515 1604 Claram
541 1576 621 1603 enim
650 1576 757 1604 intimo
783 1583 823 1604 ex
848 1576 949 1604 animo
969 1577 1052 1603 amat
1065 1573 1190 1614 juvenis
1214 1574 1338 1615 quidam
1357 1575 1457 1615 frugi,
1484 1575 1616 1614 probus,
1635 1574 1782 1615 prudeus,

195 1643 361 1681 humanus,
387 1639 578 1678 moderatus,
605 1638 863 1680 Brakenburgius.
902 1639 985 1670 Nihil
1004 1639 1096 1670 habet
1116 1639 1223 1678 clara,
1249 1640 1332 1680 quod
1360 1641 1390 1669 in
1415 1648 1453 1670 eo
1474 1640 1630 1678 vituperet
1656 1638 1707 1669 vel
1729 1637 1783 1669 de-

195 1707 328 1746 sideret,
348 1705 407 1736 nisi
428 1703 509 1746 quod
529 1703 667 1735 amabilis
686 1704 745 1735 sibi
766 1712 824 1735 non
844 1704 903 1743 sit,
921 1703 972 1735 vel
991 1712 1063 1735 esse
1082 1703 1245 1743 desiverit,
1267 1708 1430 1744 postquam
1448 1704 1628 1745 Egmontem
1649 1712 1783 1744 cognos-

195 1774 254 1803 set.
283 1770 356 1811 lpsa
375 1770 472 1806 enim,
491 1769 623 1809 viragini
643 1777 732 1809 quam
747 1768 858 1809 virgini
878 1767 1024 1806 similior,
1044 1771 1078 1799 ut
1096 1773 1280 1808 aspernatur
1301 1769 1350 1799 vel
1368 1768 1487 1799 deserit
1506 1768 1610 1806 illum,
1630 1768 1684 1807 qui
1696 1767 1784 1808 frugi

195 1838 315 1866 tantum
334 1836 401 1872 est,
419 1833 464 1863 ita
483 1831 602 1871 deperit
620 1841 705 1871 eum,
723 1833 776 1872 qui
795 1835 930 1863 erectum
950 1834 1098 1871 animum,
1119 1834 1293 1871 andaciam,
1313 1834 1520 1870 alacritatem,
1540 1834 1785 1871 generositatem

196 1908 271 1939 prae
290 1907 326 1930 se
345 1898 423 1935 sert,
442 1899 475 1927 et
494 1895 634 1926 omnibus
652 1896 682 1925 in
702 1895 795 1926 rebus
813 1896 938 1926 excelsa
957 1899 990 1927 et
1003 1898 1110 1935 nimia,
1130 1906 1221 1937 quam
1242 1897 1408 1927 mediocria
1421 1900 1455 1926 et
1471 1897 1644 1926 eommunia
1656 1896 1785 1926 mavult.

195 1963 273 1996 Item
292 1960 454 2002 Amaryllis
473 1960 563 1992 Batto
589 1959 775 2000 aliquamdiu
800 1959 937 1997 faverat,
966 1962 1084 1999 pastori
1109 1962 1206 2001 probo
1232 1962 1388 2000 rebusque
1407 1962 1476 1992 suis
1494 1963 1623 1991 strenue
1643 1962 1785 2000 intento3

196 2025 295 2058 donec
315 2026 390 2056 vidit
408 2026 577 2065 Aegonem,
602 2023 764 2054 bubulcum
784 2022 906 2062 quidem
925 2026 958 2054 et
977 2024 1093 2064 ipsum,
1121 2025 1177 2056 sed
1203 2026 1255 2065 qui
1284 2023 1418 2064 majores
1443 2032 1560 2065 pennas
1586 2023 1661 2055 nido
1680 2027 1784 2057 exten-

196 2090 301 2130 deret,
329 2093 361 2121 et
388 2089 499 2120 altiora
526 2097 616 2130 qnam
642 2088 839 2119 securitatem
867 2089 1058 2128 pastoritiam
1080 2092 1250 2128 appeteret·
1290 2089 1322 2120 is
1344 2089 1474 2130 virginis
1499 2089 1635 2120 amulum
1654 2089 1785 2121 fascin-

196 2158 285 2188 verat
309 2155 432 2187 roboris
451 2152 593 2184 Herculei
617 2153 798 2194 specimine,
826 2151 899 2182 dum
925 2155 1046 2183 taurum
1071 2153 1187 2195 ungula
1213 2153 1369 2185 detentum
1396 2152 1509 2193 tram,
1536 2155 1573 2185 et
1594 2153 1700 2185 ridens
1718 2155 1784 2184 tu-

198 2230 289 2261 qum
304 2220 372 2251 ‚tale
390 2219 509 2250 facinus
528 2217 588 2247 sibi
608 2217 651 2247 sit
668 2216 777 2255 lud-u,
795 2217 972 2257 Amaryllidi
992 2217 1072 2248 douo
1091 2217 1154 2249 dat.
1193 2219 1260 2249 Hoc
1279 2218 1401 2257 puellae
1420 2217 1606 2250 sublimiora
1622 2217 1785 2249 nemin-ti

1381 2285 1400 2312 2
