2042 2570
806 134 1242 175 mmmm-e

222 250 343 280 initium
362 248 425 279 fuit
448 247 613 279 deserendi
633 247 727 279 Batti.
766 245 935 277 Postmodo
954 245 1035 276 idem
1054 246 1141 286 Aego
1159 246 1227 276 sive
1250 248 1363 286 suapte
1381 245 1508 279 libidine
1533 246 1728 288 compulsus,
1754 248 1823 280 slve

221 316 258 344 nt
284 313 389 355 gloria
408 320 530 353 quoque
556 309 774 351 Amaryllidem
800 309 984 350 devinciret,
1011 309 1137 340 deserta
1162 309 1368 342 armentorum
1387 320 1464 342 cura
1482 311 1650 352 Olympiam
1670 312 1820 351 concedit,

223 378 361 409 athletae
380 378 461 407 inter
481 375 617 406 athletas
635 375 750 406 famam
771 376 979 416 quaesiturus.
1018 374 1053 406 Id
1073 384 1141 406 cum
1162 374 1248 406 audit
1266 375 1395 415 Battus,
1421 384 1518 416 aegre
1536 377 1617 414 fert,
1643 385 1735 407 nares
1754 385 1823 408 eor-‘

222 444 333 483 rugat,
360 441 476 472 factum
496 439 671 478 cavillando
690 440 892 480 perstringit,
917 438 967 470 vei
987 439 1069 479 quod
1089 448 1146 479 pro
1165 448 1223 470 sua
1243 440 1467 471 mediocritatis
1485 444 1519 472 et
1538 442 1594 471 otii
1619 440 1822 473 admiratione

224 515 330 546 parum
351 504 517 546 intelligit,
545 513 602 547 cur
629 506 793 545 qnisquam
820 512 917 534 sanus
941 503 1005 533 alia
1023 505 1056 533 et
1080 503 1248 544 grandiora
1267 506 1411 545 appetat,
1438 504 1489 535 vel
1514 504 1597 545 quod
1622 514 1702 536 nova
1720 507 1821 536 irrita·

222 572 326 600 menta
345 569 386 598 ad
404 568 602 608 Amaryllidis
621 577 698 598 suae
718 576 797 609 erga
816 568 972 609 Aegouem
991 576 1127 598 amorem
1146 569 1256 599 metuit
1274 571 1307 599 et
1322 568 1454 608 invidet,
1473 568 1523 599 vel
1536 569 1667 610 denique
1686 569 1769 610 quod
1789 571 1820 601 in

220 633 312 664 rivali
334 634 437 662 omnia
456 632 633 672 displicent.
661 632 821 673 Invehitur
839 634 875 661 ut
893 634 944 661 est
963 640 1059 671 aeger
1078 633 1180 661 animo
1201 634 1232 661 in
1252 633 1423 672 Aegonem,
1443 634 1474 661 in
1493 631 1632 672 ejusdem
1651 633 1819 674 populares

220 701 253 728 et
273 700 411 736 patrem3
442 698 544 736 ipsum
566 706 634 726 cum
654 705 716 735 quo
737 695 953 725 confabulatur
972 695 1178 734 Corydonem,
1207 696 1353 726 famulum
1373 699 1406 726 et
1424 698 1559 737 Aegonis
1582 697 1719 728 absentis
1739 700 1818 728 vica-

218 763 313 799 rium,
343 762 426 791 omni
446 760 537 791 modo
557 760 693 791 lacessit.

317 825 516 856 Admirabilis
549 828 599 855 est
632 825 713 854 inter
744 824 821 854 haec
854 824 956 853 omnia
991 822 1162 862 Corydonis
1196 833 1339 863 persona.
1392 825 1459 855 Non
1489 828 1539 856 est
1570 827 1598 856 is
1610 848 1619 864 ‚
1655 829 1690 856 nt
1721 827 1816 868 vulgo

219 892 348 930 putant,
369 898 446 929 puer
465 888 608 929 torpidus
628 897 665 918 ac
684 889 808 927 fatuus,
835 890 868 918 et
888 889 941 928 qui
961 887 1127 918 lacessitus
1154 898 1213 918 non
1240 891 1355 919 sentiat
1380 898 1417 920 se
1441 889 1564 920 lacessi.
1604 891 1669 920 Imo
1688 892 1754 921 veri
1773 892 1817 920 in·

217 955 365 994 telligens
391 955 455 991 est,
484 952 541 984 sed
567 952 648 982 idem
674 953 953 982 mansuetissimus.
993 952 1086 981 Novit
1106 952 1255 991 perbene,
1285 961 1339 983 cnr
1359 955 1420 983 tam
1447 954 1547 983 tristis
1573 955 1606 984 et
1622 954 1754 992 acerbus
1772 955 1817 984 sit

217 1019 329 1047 Battus
348 1017 497 1047 adversus
517 1017 675 1055 Aegonem
696 1014 825 1055 ejusque
846 1015 987 1054 domum,
1009 1015 1065 1045 sed
1086 1017 1159 1055 quia
1179 1026 1303 1047 causam
1323 1015 1392 1056 ejus
1412 1018 1477 1047 irae
1497 1026 1593 1057 prope
1607 1015 1725 1057 justam
1743 1027 1816 1049 esse

216 1082 378 1121 intelligit,
399 1083 530 1110 excusat
549 1080 642 1109 bilem
663 1083 696 1109 et
716 1081 802 1109 virus
823 1080 1014 1116 cavillantis‚
1035 1079 1201 1110 clementer
1220 1089 1295 1120 prae
1315 1080 1527 1110 misericordia
1546 1082 1628 1121 agit,
1648 1085 1680 1112 et
1700 1084 1816 1122 patitur

215 1155 252 1175 ac
273 1145 448 1175 dissimulat
467 1152 596 1183 asperas
616 1144 699 1173 Batti
718 1144 867 1182 facetias,
888 1146 923 1173 ut
942 1143 1074 1173 hominis
1089 1145 1203 1174 miseri.
1231 1144 1356 1175 Leniter
1372 1148 1404 1175 et
1419 1145 1525 1175 herum
1545 1148 1577 1175 et
1595 1149 1694 1176 semet
1713 1147 1814 1186 ipsum

214 1209 368 1247 defendit,
388 1217 489 1248 neque
511 1207 677 1248 quidquam
697 1206 881 1247 respondet,
910 1206 991 1246 quod
1012 1207 1129 1237 afflicto
1156 1208 1270 1239 addere
1295 1210 1396 1248 possit
1424 1209 1631 1240 afflictionem.
1666 1210 1742 1239 Tum
1762 1209 1813 1240 de-

213 1283 306 1311 mum,
327 1275 492 1313 postquam
513 1270 627 1311 injecta
647 1272 778 1302 fortuito
798 1270 994 1310 Amaryllidis
1014 1272 1169 1302 mentione
1189 1271 1302 1303 affectu
1323 1282 1360 1302 ac
1379 1271 1486 1304 dolore
1506 1277 1670 1314 proreptus
1689 1275 1719 1303 in
1741 1283 1813 1315 que—

211 1338 296 1368 relas
325 1339 427 1378 erupit
446 1338 557 1367 Battus
577 1340 609 1367 et
635 1345 739 1366 veram
760 1336 909 1365 tristitiae
928 1344 1004 1366 suae
1031 1344 1156 1366 causam
1176 1337 1244 1377 ipse
1265 1338 1401 1377 aperuit,
1432 1339 1518 1377 ponit
1537 1337 1810 1370 dissimulationem

213 1403 420 1432 conscientiae
442 1402 583 1440 Corydon
605 1404 637 1430 et
656 1400 837 1430 consolatur
856 1401 1019 1433 miserum,
1040 1408 1126 1439 spem
1147 1400 1276 1430 redituri
1298 1401 1413 1429 amoris
1434 1401 1633 1431 ostendendo.
1672 1403 1710 1433 At
1729 1404 1809 1433 enim

210 1466 306 1505 pudet
325 1467 448 1495 Battum
468 1468 532 1495 tam
557 1464 682 1495 humilis
711 1463 922 1494 consolatoris
941 1466 973 1493 et
993 1463 1076 1502 quod
1096 1465 1163 1502 ipse
1184 1466 1308 1494 incauta
1328 1465 1524 1495 confessione
1554 1466 1714 1505 puerulum
1740 1476 1810 1496 con-

209 1531 309 1559 scium
330 1531 444 1560 secreti
464 1531 523 1568 sui,
543 1532 578 1558 ut
597 1528 737 1568 putabat,
758 1527 878 1558 fecerit.
907 1527 1018 1567 ltaque
1038 1527 1165 1558 verbulo
1186 1531 1218 1559 et
1238 1528 1320 1570 quod
1340 1528 1482 1559 fiduciam
1501 1529 1594 1559 simul
1612 1532 1645 1561 et
1664 1530 1809 1570 importu-

210 1602 269 1623 nae
290 1594 499 1635 querimoniae
519 1593 742 1632 poenitentiam
769 1599 846 1631 prae
865 1599 901 1621 se
921 1591 1019 1621 serat:
1047 1591 1205 1631 θαρσέω]
1239 1592 1392 1632 abrumpit
1421 1592 1502 1622 hunc
1527 1601 1699 1625 sermonem
1718 1597 1751 1625 et
1770 1594 1810 1626 ad

209 1658 302 1687 alium
328 1659 456 1696 transit,
483 1659 666 1697 argumento
688 1655 858 1694 disparem,
886 1655 1045 1684 stomacho
1066 1663 1182 1694 parem.
1221 1655 1331 1686 Vaccis
1351 1656 1487 1696 Aegonis
1507 1658 1661 1687 irascitur.
1700 1658 1811 1689 Hactess

208 1731 264 1752 nus
295 1723 396 1752 omnia
421 1723 466 1751 ita
491 1720 677 1762 procedunt,
710 1723 745 1750 ut
772 1721 883 1760 aperta
907 1719 949 1749 sit
975 1720 1066 1749 ratio.
1123 1719 1196 1751 Mox
1226 1719 1409 1751 difficultate
1436 1720 1541 1761 aliqua
1566 1721 1687 1752 laborat
1715 1721 1807 1762 hujus

210 1788 361 1824 poematis
388 1786 566 1825 descriptio.
611 1786 737 1824 Spinam
765 1783 838 1824 pedi
865 1783 1073 1813 inhaerentem
1099 1784 1240 1821 incusat,
1272 1783 1503 1825 Corydonisque
1531 1794 1620 1824 opem
1653 1785 1806 1825 implorat.

210 1851 363 1885 Quaerere
384 1849 486 1889 juvat,
512 1851 543 1879 τι
562 1849 655 1879 τοῦτο
676 1847 757 1889 πρὸς
776 1846 963 1878 Accium-ov?
1002 1847 1078 1877 Nam
1104 1849 1133 1877 si
1158 1850 1226 1878 tota
1245 1848 1323 1879 haec
1341 1848 1470 1889 ecloga,
1503 1851 1538 1878 ut
1557 1848 1655 1889 decet,
1675 1850 1806 1892 simplex

209 1914 355 1945 duntaxat
374 1918 407 1945 et
426 1924 520 1945 unum
540 1917 589 1944 est
598 1935 610 1950 ,
631 1924 691 1944 non
712 1915 779 1943 sine
800 1921 896 1943 causa
915 1913 991 1942 haec
1011 1914 1128 1943 inserta
1148 1915 1236 1950 sunt,
1262 1914 1335 1952 quin
1356 1914 1415 1942 toti
1433 1914 1613 1943 inserviant.
1643 1914 1735 1954 Atqui
1754 1924 1805 1944 ne-

210 1987 270 2019 que
289 1978 370 2009 Batti
390 1988 447 2010 nec
471 1977 643 2018 Corydonis
668 1986 772 2009 mores
801 1977 833 2007 in
858 1976 916 2007 hac
942 1977 1094 2007 sermonis
1114 1979 1203 2016 parte
1225 1979 1385 2016 apparent.
1425 1977 1501 2007 Nam
1521 1976 1598 2008 illud
1617 1987 1725 2018 parum
1745 1983 1803 2018 est,

206 2041 381 2081 Corydonis
399 2043 569 2072 bonitatem
589 2042 620 2071 in
641 2050 701 2080 ope
725 2039 855 2071 ferenda
880 2041 1025 2080 conspici.
1065 2040 1269 2071 Nihilominus
1295 2040 1439 2071 subtilem
1459 2044 1571 2081 poetae
1591 2044 1688 2072 artem
1708 2051 1803 2083 agno-

207 2115 297 2136 scere
317 2106 391 2135 mihi
411 2094 525 2136 videor.
565 2105 671 2135 Adhuc
691 2107 771 2135 enim
792 2105 878 2135 clara
897 2113 973 2135 voce
992 2104 1182 2134 confabulati
1202 2107 1275 2135 sunt
1294 2105 1547 2135 sermocinantes.
1585 2105 1672 2136 Nunc
1689 2115 1802 2138 arcana

204 2171 315 2200 domus
336 2173 369 2200 et
388 2169 608 2200 obscoenitatis
630 2169 745 2209 aliquid
764 2169 909 2200 habentia
928 2160 1143 2199 sciscitaturus
1169 2171 1220 2199 est
1236 2169 1357 2199 Battus.
1397 2169 1485 2199 Talia
1505 2169 1660 2201 submissa
1678 2180 1753 2203 voce
1767 2175 1800 2203 et

214 2233 426 2275 nterroganda
439 2236 477 2271 ,et
495 2232 710 2273 respondenda
728 2236 809 2264 sunt.
839 2233 908 2265 Non
921 2232 987 2265 vult
1006 2241 1065 2265 sua
1084 2234 1196 2272 sponte
1216 2241 1362 2273 arrepere
1374 2232 1484 2265 Battus
1502 2242 1616 2266 vernae
1635 2234 1675 2267 ad
1694 2243 1798 2272 aures,
